@book {taocp4,
author = {Donald E. Knuth},
title = {The Art of Computer Programming: Combinatorial Algorithms, Part 1},
edition = {1st},
volume = {4A},
publisher = {Addison-Wesley Professional},
year = 2011,
ISBN = {0321751043},
}

@book {taocp2,
author = {Donald E. Knuth},
title = {The Art of Computer Programming: Seminumerical Algorithms},
edition = {3rd},
volume = 2,
publisher = {Addison-Wesley Professional},
pages = 762,
year = 1997,
ISBN = {0-201-89684-2},
}

@article{welford1962,
	title= {Note on a Method for Calculating Corrected Sums of Squares and Products},
	author= {Welford,B.P.},
	journal= {Technometrics},
	volume= {4},
	number= {3},
	pages= {pp.419-420},
	ISSN= {00401706},
	language= {English},
	year= {1962},
	publisher= {American Statistical Association and American Society for Quality},
}
